@inproceedings{blunck2013heterogeneity,
	title={On heterogeneity in mobile sensing applications aiming at representative data collection},
	author={Blunck, Henrik and Bouvin, Niels Olof and Franke, Tobias and Gr{\o}nb{\ae}k, Kaj and Kjaergaard, Mikkel B and Lukowicz, Paul and W{\"u}stenberg, Markus},
	booktitle={Proceedings of the 2013 ACM conference on Pervasive and ubiquitous computing adjunct publication},
	pages={1087--1098},
	year={2013}
}

@article{chen2020deep,
	title={Deep learning for sensor-based human activity recognition: overview, challenges and opportunities},
	author={Chen, Kaixuan and Zhang, Dalin and Yao, Lina and Guo, Bin and Yu, Zhiwen and Liu, Yunhao},
	journal={arXiv preprint arXiv:2001.07416},
	year={2020}
}

@article{ignatov2018real,
	title={Real-time human activity recognition from accelerometer data using Convolutional Neural Networks},
	author={Ignatov, Andrey},
	journal={Applied Soft Computing},
	volume={62},
	pages={915--922},
	year={2018},
	publisher={Elsevier}
}

@inproceedings{stisen2015smart,
	title={Smart devices are different: Assessing and mitigatingmobile sensing heterogeneities for activity recognition},
	author={Stisen, Allan and Blunck, Henrik and Bhattacharya, Sourav and Prentow, Thor Siiger and Kj{\ae}rgaard, Mikkel Baun and Dey, Anind and Sonne, Tobias and Jensen, Mads M{\o}ller},
	booktitle={Proceedings of the 13th ACM conference on embedded networked sensor systems},
	pages={127--140},
	year={2015}
}


@inproceedings{Zargham-2011,
	Author = {M. Zargham and A. Ribeiro and A. Ozdaglar and A. Jadbabaie},
	Title = {{Accelerated dual descent for network optimization}},
	Booktitle = {{American Control Conference}},
	Address = {{San Francisco, CA, US}},
	Month = jun,
	Year = {2011}
	}

@inproceedings{Sadler-2006,
	Author = {Christopher M. Sadler and Margaret Martonosi},
	Title = {{Data compression algorithms for energy-constrained devices in delay tolerant networks}},
	Address = {{Boulder, CO, US}},
	Booktitle = {{ACM SenSys}},
	Month = oct,
	Year = {2006}
	}
	
@article{Shannon-1948,
	Author = {C. E. Shannon},
	Title = {A mathematical theory of communication},
	Journal = {{The Bell System Technical Journal}},
	Volume = {27},
	Number = {3},
	Month = jul,
	Pages = {379-423},
	Year = {1948}
	}
	
@article{Boyd-2011,
	Author = {Stephen Boyd and Neal Parikh and Eric Chu and Borja Peleato and Jonathan Eckstein},
	Title = {{Distributed Optimization and Statistical Learning via the Alternating Direction Method of Multipliers}},
	Journal = {{Foundations and Trends in Machine Learning}},
	Volume = {3},
	Number = {1},
	Month = jan,
	Pages = {1--122},
	Year = {2011}
	}

@article{Zordan-2014,
	Author = {Zordan, Davide and Martinez, Borja and Vilajosana, Ignasi and Rossi, Michele},
	Title = {{On the Performance of Lossy Compression Schemes for Energy Constrained Sensor Networking}},
	Journal = {{ACM Transactions on Sensor Networks}},
	Volume = {11},
	Number = {1},
	Pages = {15:1--15:34},
	Month = aug,
	Year = {2014}
	}
